@misc{wiki:Interpolacja_funkcjami_sklejanymi,
   author = "Wikipedia",
   title = "{Interpolacja funkcjami sklejanymi} --- {W}ikipedia{,} The Free Encyclopedia",
   year = "2024",
   howpublished = {\url{http://pl.wikipedia.org/w/index.php?title=Interpolacja\%20funkcjami\%20sklejanymi&oldid=70098639}},
   note = "[Online; accessed 14-May-2024]"
 }

@misc{wiki:Interpolacja_wielomianowa,
   author = "Wikipedia",
   title = "{Interpolacja wielomianowa} --- {W}ikipedia{,} The Free Encyclopedia",
   year = "2024",
   howpublished = {\url{http://pl.wikipedia.org/w/index.php?title=Interpolacja\%20wielomianowa&oldid=70764886}},
   note = "[Online; accessed 14-May-2024]"
 }
