
@misc{wiki:MACD,
   author = "Wikipedia",
   title = "{MACD} --- {W}ikipedia{,} The Free Encyclopedia",
   year = "2024",
   howpublished = {\url{http://en.wikipedia.org/w/index.php?title=MACD&oldid=1212992623}},
   note = "[Online; accessed 16-March-2024]"
 }